% Put you own bibliography entries in this file


% Other theses
@Booklet{melissa-thesis,
    author         = "{Melissa Quinnan}",
    title          = "{Standard model four-top quark production in the all-hadronic final state in proton-proton collisions at 13 TeV with the CMS experiment}",
    year           = "2022",
}

@Booklet{sean-thesis,
    author         = "{Sean Gasiorowski}",
    title          = "{Searches for pair production of Higgs bosons in the $b\bar{b}b\bar{b}$ final state using the ATLAS detector, or: How I Learned to Stop Worrying and Love the QCD Background}",
    year           = "2021",
}


\bibitem{sm_img}


% Intro
%\bibitem{SM-img}

% Detector and intro
 %. Accessed 4 Oct. 2015.
@misc{Quantum_diaries,
	author={S. Zenz},
	title = {How a Pixel Detector Works.} ,
	howpublished = {Imperial College London Blog},
	url ={http://www.quantumdiaries.org/2008/07/25/how-a-pixel-detector-works}
	}

%  Accessed 23 Dec 2015.
@misc{TRT,
	author={Anatoli Romaniouk},
	title={ATLAS TRT (Transition Radiation Tracker)},
    	year={2019},
	url  = {http://particle.mephi.ru/en/research/atlas/trt/}, 
}


\bibitem{Detector_challenges}
S.~Stapnes. ``Detector Challenges at the LHC.'' Nature, Vol. 448. 19 July 2007.

\bibitem{Aad:2008Jinst} 
  G.~L.~Aad, M.~Ackers, F.~A.~Aleppo,  {\it et al.},
  ``ATLAS Pixel Detector Electronics and Sensors,'' Jinst. 3 (2008) P07007.

%  Accessed 23 Dec 2015.
@misc{TRT,
	author={Anatoli Romaniouk},
	title={ATLAS TRT (Transition Radiation Tracker)},
    	year={2019},
	url  = {http://particle.mephi.ru/en/research/atlas/trt/}, 
}


% Put your own bibliography entries in this file

@misc{papamakarios2019neural,
    title={Neural Density Estimation and Likelihood-free Inference},
    author={George Papamakarios},
    year={2019},
    eprint={1910.13233},
    archivePrefix={arXiv},
    primaryClass={stat.ML}
}


@article{LSTMs,
	author={S. Hochreiter and J. Schmidhuber},
	title={ Long Short-Term Memory},
	journal={Neural Computation},
	volume={9 8},
	year={1997}
}


% Deep Sets papers

@article{DBLP:journals/corr/ZaheerKRPSS17,
  author    = {Manzil Zaheer and
               Satwik Kottur and
               Siamak Ravanbakhsh and
               Barnab{\'{a}}s P{\'{o}}czos and
               Ruslan Salakhutdinov and
               Alexander J. Smola},
  title     = {Deep Sets},
  journal   = {CoRR},
  year      = {2017},
  url       = {http://arxiv.org/abs/1703.06114},
  timestamp = {Mon, 13 Aug 2018 16:46:16 +0200},
  biburl    = {https://dblp.org/rec/journals/corr/ZaheerKRPSS17.bib},
  bibsource = {dblp computer science bibliography, https://dblp.org}
}

@article{Komiske_2019,
   title={Energy flow networks: Deep Sets for particle jets},
   volume={01},
   url={http://dx.doi.org/10.1007/JHEP01(2019)121},
   DOI={10.1007/jhep01(2019)121},
   pages={121},
   journal={JHEP},
   publisher={Springer Science and Business Media LLC},
   author={Komiske, Patrick T. and Metodiev, Eric M. and Thaler, Jesse},
   year={2019},
   month={Jan}
}

@article{DBLP:journals/corr/abs-1806-01261,
  author    = {Peter W. Battaglia and
               Jessica B. Hamrick and
               Victor Bapst and
               Alvaro Sanchez{-}Gonzalez and
               Vin{\'{\i}}cius Flores Zambaldi and
               Mateusz Malinowski and
               Andrea Tacchetti and
               David Raposo and
               Adam Santoro and
               Ryan Faulkner and
               {\c{C}}aglar G{\"{u}}l{\c{c}}ehre and
               H. Francis Song and
               Andrew J. Ballard and
               Justin Gilmer and
               George E. Dahl and
               Ashish Vaswani and
               Kelsey R. Allen and
               Charles Nash and
               Victoria Langston and
               Chris Dyer and
               Nicolas Heess and
               Daan Wierstra and
               Pushmeet Kohli and
               Matthew Botvinick and
               Oriol Vinyals and
               Yujia Li and
               Razvan Pascanu},
  title     = {Relational inductive biases, deep learning, and graph networks},
  journal   = {CoRR},
  year      = {2018},
  url       = {http://arxiv.org/abs/1806.01261},
  timestamp = {Wed, 24 Jul 2019 18:56:21 +0200},
  biburl    = {https://dblp.org/rec/journals/corr/abs-1806-01261.bib},
  bibsource = {dblp computer science bibliography, https://dblp.org}
}


% Attention papers

@article{NMT,
title = "Neural machine translation by jointly learning to align and translate",
author = "Dzmitry Bahdanau and Kyunghyun Cho and Yoshua Bengio",
year = "2014",
language = "English (US)",
journal = "arXiv",
}

@inproceedings{yang-etal-2016-hierarchical,
    title = "Hierarchical Attention Networks for Document Classification",
    author = "Yang, Zichao  and
      Yang, Diyi  and
      Dyer, Chris  and
      He, Xiaodong  and
      Smola, Alex  and
      Hovy, Eduard",
    booktitle = "Proceedings of the 2016 Conference of the North {A}merican Chapter of the Association for Computational Linguistics: Human Language Technologies",
    month = jun,
    year = "2016",
    address = "San Diego, California",
    publisher = "Association for Computational Linguistics",
    url = "https://www.aclweb.org/anthology/N16-1174",
    doi = "10.18653/v1/N16-1174",
    pages = "1480--1489",
}

@article{DBLP:journals/corr/XuBKCCSZB15,
  author    = {Kelvin Xu and
               Jimmy Ba and
               Ryan Kiros and
               Kyunghyun Cho and
               Aaron C. Courville and
               Ruslan Salakhutdinov and
               Richard S. Zemel and
               Yoshua Bengio},
  title     = {Show, Attend and Tell: Neural Image Caption Generation with Visual
               Attention},
  journal   = {CoRR},
  year      = {2015},
  url       = {http://arxiv.org/abs/1502.03044},
  timestamp = {Mon, 13 Aug 2018 16:47:52 +0200},
  biburl    = {https://dblp.org/rec/journals/corr/XuBKCCSZB15.bib},
  bibsource = {dblp computer science bibliography, https://dblp.org}
}

@article{DBLP:journals/corr/VaswaniSPUJGKP17,
  author    = {Ashish Vaswani and
               Noam Shazeer and
               Niki Parmar and
               Jakob Uszkoreit and
               Llion Jones and
               Aidan N. Gomez and
               Lukasz Kaiser and
               Illia Polosukhin},
  title     = {Attention Is All You Need},
  journal   = {CoRR},
  year      = {2017},
  url       = {http://arxiv.org/abs/1706.03762},
  timestamp = {Mon, 13 Aug 2018 16:48:37 +0200},
  biburl    = {https://dblp.org/rec/journals/corr/VaswaniSPUJGKP17.bib},
  bibsource = {dblp computer science bibliography, https://dblp.org}
}

% ML sw references
@article{DBLP:journals/corr/IoffeS15,
  author    = {Sergey Ioffe and
               Christian Szegedy},
  title     = {Batch Normalization: Accelerating Deep Network Training by Reducing
               Internal Covariate Shift},
  journal   = {CoRR},
  year      = {2015},
  url       = {http://arxiv.org/abs/1502.03167},
  timestamp = {Mon, 13 Aug 2018 16:47:06 +0200},
  biburl    = {https://dblp.org/rec/journals/corr/IoffeS15.bib},
  bibsource = {dblp computer science bibliography, https://dblp.org}
}

@article{DBLP:journals/corr/abs-1207-0580,
  author    = {Geoffrey E. Hinton and
               Nitish Srivastava and
               Alex Krizhevsky and
               Ilya Sutskever and
               Ruslan Salakhutdinov},
  title     = {Improving neural networks by preventing co-adaptation of feature detectors},
  journal   = {CoRR},
  year      = {2012},
  url       = {http://arxiv.org/abs/1207.0580},
  timestamp = {Mon, 13 Aug 2018 16:46:10 +0200},
  biburl    = {https://dblp.org/rec/journals/corr/abs-1207-0580.bib},
  bibsource = {dblp computer science bibliography, https://dblp.org}
}

@misc{kingma2014adam,
    title={Adam: A Method for Stochastic Optimization},
    author={Diederik P. Kingma and Jimmy Ba},
    year={2014},
    eprint={1412.6980},
    archivePrefix={arXiv},
    primaryClass={cs.LG}
}

@misc{tensorflow2015-whitepaper,
title={ {TensorFlow}: Large-Scale Machine Learning on Heterogeneous Systems},
url={https://www.tensorflow.org/},
note={Software available from tensorflow.org},
author={
    Mart\'{\i}n~Abadi and
    Ashish~Agarwal and
    Paul~Barham and
    Eugene~Brevdo and
    Zhifeng~Chen and
    Craig~Citro and
    Greg~S.~Corrado and
    Andy~Davis and
    Jeffrey~Dean and
    Matthieu~Devin and
    Sanjay~Ghemawat and
    Ian~Goodfellow and
    Andrew~Harp and
    Geoffrey~Irving and
    Michael~Isard and
    Yangqing Jia and
    Rafal~Jozefowicz and
    Lukasz~Kaiser and
    Manjunath~Kudlur and
    Josh~Levenberg and
    Dandelion~Man\'{e} and
    Rajat~Monga and
    Sherry~Moore and
    Derek~Murray and
    Chris~Olah and
    Mike~Schuster and
    Jonathon~Shlens and
    Benoit~Steiner and
    Ilya~Sutskever and
    Kunal~Talwar and
    Paul~Tucker and
    Vincent~Vanhoucke and
    Vijay~Vasudevan and
    Fernanda~Vi\'{e}gas and
    Oriol~Vinyals and
    Pete~Warden and
    Martin~Wattenberg and
    Martin~Wicke and
    Yuan~Yu and
    Xiaoqiang~Zheng},
  year={2015},
}

% Information bottleneck

@article{DBLP:journals/corr/Shwartz-ZivT17,
  author    = {Ravid Shwartz{-}Ziv and
               Naftali Tishby},
  title     = {Opening the Black Box of Deep Neural Networks via Information},
  journal   = {CoRR},
  year      = {2017},
  url       = {http://arxiv.org/abs/1703.00810},
  timestamp = {Mon, 13 Aug 2018 16:46:54 +0200},
  biburl    = {https://dblp.org/rec/journals/corr/Shwartz-ZivT17.bib},
  bibsource = {dblp computer science bibliography, https://dblp.org}
}

% Public plots

@misc{PFlowPublicPlots2019,
  title = {Expected performance of the 2019 ATLAS b-taggers},
  howpublished = {\url{http://atlas.web.cern.ch/Atlas/GROUPS/PHYSICS/PLOTS/FTAG-2019-005/}},
  note = {Accessed: 2020-02-18}
}


% Saliency maps
@misc{simonyan2013deep,
    title={Deep Inside Convolutional Networks: Visualising Image Classification Models and Saliency Maps},
    author={Karen Simonyan and Andrea Vedaldi and Andrew Zisserman},
    year={2013},
    eprint={1312.6034},
    archivePrefix={arXiv},
    primaryClass={cs.CV}
}


@article{PDG,
    author = "{Tanabashi, M. et al}",
    collaboration = "Particle Data Group",
    doi = "10.1103/PhysRevD.98.030001",
    journal = "Phys. Rev. D",
    number = "3",
    pages = "030001",
    title = "{Review of Particle Physics}",
    volume = "98",
    year = "2018"
}


@article{ATLASdijetres,
    author = "{ATLAS Collaboration}",
    archivePrefix = "arXiv",
    collaboration = "ATLAS",
    doi = "10.1007/JHEP03(2020)145",
    eprint = "1910.08447",
    journal = "JHEP",
    pages = "145",
    primaryClass = "hep-ex",
    reportNumber = "CERN-EP-2019-162",
    title = "{Search for new resonances in mass distributions of jet pairs using 139 fb$^{-1}$ of $pp$ collisions at $\sqrt{s}=13$ TeV with the ATLAS detector}",
    volume = "03",
    year = "2020"
}

@article{Lai:2010vv,
      author         = "Lai, Hung-Liang and Guzzi, Marco and Huston, Joey and Li,
                        Zhao and Nadolsky, Pavel M. and Pumplin, Jon and Yuan, C.
                        -P.",
      title          = "{New parton distributions for collider physics}",
      journal        = "Phys. Rev.",
      volume         = "D82",
      year           = "2010",
      pages          = "074024",
      doi            = "10.1103/PhysRevD.82.074024",
      eprint         = "1007.2241",
      archivePrefix  = "arXiv",
      primaryClass   = "hep-ph",
      reportNumber   = "MSUHEP-100707, SMU-HEP-10-10",
      SLACcitation   = "%%CITATION = ARXIV:1007.2241;%%"
}

@article{Frixione:2007nw,
      author         = "Frixione, Stefano and Nason, Paolo and Ridolfi, Giovanni",
      title          = "{A positive-weight next-to-leading-order Monte Carlo for
                        heavy flavour hadroproduction}",
      journal        = "JHEP",
      volume         = "09",
      pages          = "126",
      doi            = "10.1088/1126-6708/2007/09/126",
      year           = "2007",
      eprint         = "0707.3088",
      archivePrefix  = "arXiv",
      primaryClass   = "hep-ph",
      SLACcitation   = "%%CITATION = ARXIV:0707.3088;%%",
}

% CS 221 notes
@misc{cs229-notes1,
	author={Andrew Ng},
	title = "Supervised learning: Classification and Logistic Regression",
	journal="Stanford course lecture notes (CS 229)",
	year="Fall 2016"
}


@misc{1911.00405,
	title={Training Neural Networks for Likelihood / Density Ratio Estimation},
	author={George V. Moustakides and Kalliopi Basioti},
	eprint={1911.00405},
	archivePrefix  = "arXiv",
}

@misc{deepensembles,
    title={Simple and Scalable Predictive Uncertainty Estimation using Deep Ensembles},
    author={Balaji Lakshminarayanan and Alexander Pritzel and Charles Blundell},
    year={2016},
    eprint={1612.01474},
    archivePrefix={arXiv},
    primaryClass={stat.ML}
}